@inproceedings{ThatBlueBook,
	title={Simulating the Nervous System of the Nematode C. Elegans},
    author={Jean-Michel Drouffe},
    booktitle={Workshop on Supercomputing in Brain Research: From Tomography to Neural Networks},
    year={1995},
    pages={291-300},
    publisher={World Scientific},
    editor={Hermann,H.J. and  Wolf,D.E. and Poeppel,E.}
}

@article{TheMissingArticle,
	author={Hagmann,P. and Cammoun,L. and Gigandet,X. and Gerhard,S. and Ellen Grant,P. and Wedeen,V. and Meuili,R. and Thiran, J.-P. and Honey, C. J. and Sporns, O.},
    year={2010},
    title={{MR} connectomics: principles and challenges},
    journal={J. Neurosci. Methods},
    volume={194},
    pages={34-45}
}
@book{nielsen2012reinventing,
  title={Reinventing Discovery: The New Era of Networked Science},
  author={Nielsen, M.},
  isbn={9780691148908},
  lccn={2011020248},
  series={Reinventing Discovery: The New Era of Networked Science},
  url={https://books.google.at/books?id=afqfFW8WV9cC},
  year={2012},
  publisher={Princeton University Press}
}

@article{yemini2013database,
  title={A database of Caenorhabditis elegans behavioral phenotypes},
  author={Yemini, Eviatar and Jucikas, Tadas and Grundy, Laura J and Brown, Andr{\'e} EX and Schafer, William R},
  journal={Nature methods},
  volume={10},
  number={9},
  pages={877--879},
  year={2013},
  publisher={Nature Publishing Group}
}